<collection xmlns="http://www.loc.gov/MARC21/slim">
<record>
  <leader>00992nam0a22002291i 450 </leader>
  <controlfield tag="001">IT\ICCU\CNCE\033299</controlfield>
  <controlfield tag="005">20040923000000.0</controlfield>
  <datafield tag="012" ind1=" " ind2=" ">
    <subfield code="a">2321 o., ̈i.n- neza (3) 1569 (A)</subfield>
    <subfield code="2">fei</subfield>
  </datafield>
  <datafield tag="100" ind1=" " ind2=" ">
    <subfield code="a">19971218d1569        0itac0103    ba</subfield>
  </datafield>
  <datafield tag="101" ind1=" " ind2=" ">
    <subfield code="a">ITA</subfield>
  </datafield>
  <datafield tag="102" ind1=" " ind2=" ">
    <subfield code="a">IT</subfield>
  </datafield>
  <datafield tag="200" ind1="1" ind2=" ">
    <subfield code="a">Noui ordini, et decreti, intorno alle cause ciuili, libro terzo</subfield>
  </datafield>
  <datafield tag="210" ind1=" " ind2=" ">
    <subfield code="a">In Vercelli</subfield>
    <subfield code="c">appresso Gio. Francesco Pellippari</subfield>
    <subfield code="d">1569</subfield>
    <subfield code="e">Vercelli</subfield>
    <subfield code="g">appresso di Gio. Francesco Pellipari</subfield>
    <subfield code="h">1569</subfield>
  </datafield>
  <datafield tag="215" ind1=" " ind2=" ">
    <subfield code="a">\1!, 37 c.</subfield>
    <subfield code="d">fol</subfield>
  </datafield>
  <datafield tag="620" ind1=" " ind2=" ">
    <subfield code="a">IT</subfield>
    <subfield code="d">Vercelli</subfield>
  </datafield>
  <datafield tag="710" ind1="0" ind2="2">
    <subfield code="a">Savoia</subfield>
    <subfield code="c"> &lt;Ducato&gt;</subfield>
    <subfield code="3">8866</subfield>
  </datafield>
  <datafield tag="712" ind1="0" ind2="0">
    <subfield code="a">Pellipari, Giovanni Francesco</subfield>
    <subfield code="3">IT\ICCU\CNCT\001220</subfield>
    <subfield code="4">650</subfield>
  </datafield>
  <datafield tag="791" ind1="0" ind2="0">
    <subfield code="a">Pellipparis, Giovanni Francesco</subfield>
    <subfield code="3">IT\ICCU\CNCT\002473</subfield>
    <subfield code="z">Pellipari, Giovanni Francesco</subfield>
  </datafield>
  <datafield tag="791" ind1="0" ind2="0">
    <subfield code="a">Peliparius, Franciscus</subfield>
    <subfield code="3">IT\ICCU\CNCT\004031</subfield>
    <subfield code="z">Pellipari, Giovanni Francesco</subfield>
  </datafield>
  <datafield tag="791" ind1="0" ind2="0">
    <subfield code="a">Peliparius, Ioannes Franciscus</subfield>
    <subfield code="3">IT\ICCU\CNCT\005344</subfield>
    <subfield code="z">Pellipari, Giovanni Francesco</subfield>
  </datafield>
  <datafield tag="801" ind1=" " ind2="3">
    <subfield code="a">IT</subfield>
    <subfield code="b">ICCU</subfield>
    <subfield code="c">20201114</subfield>
  </datafield>
  <datafield tag="899" ind1=" " ind2=" ">
    <subfield code="a">Biblioteca Reale. Torino</subfield>
    <subfield code="1">TO0263</subfield>
    <subfield code="2">TO0 07</subfield>
  </datafield>
</record>
</collection>
